2892 4709
847 306 1237 380 LIBER
1277 304 1365 376 X.
1438 302 1638 377 Car.
1681 305 1812 378 Vl.

2305 298 2504 378 53·

218 543 557 615 tantum,
608 549 705 598 ne
744 549 893 622 qua
932 523 1009 596 in
1058 518 1586 621 rempublicam
1624 520 1876 594 clades
1914 519 2184 594 veniat.
2262 519 2400 592 Mi·
2439 536 2464 580 1
2489 537 2516 580 ι

232 677 375 726 nus
428 669 685 724 autem
715 647 1095 722 totondere
1120 696 1143 733 ,
1218 645 1506 724 adsueti
1559 627 1708 744 jam
1755 643 1885 718 tali
1927 668 2196 744 genere
2237 667 2402 716 cer-

234 773 589 848 taminum
618 771 841 846 vinci.
918 787 994 843 et
1032 761 1492 859 cernebant,
1566 768 2020 843 adversarios
2078 793 2232 840 non
2299 767 2402 856 id,

240 868 445 995 Quod
480 895 657 968 olim
696 896 810 971 vix
850 893 1306 997 speraverint
1334 945 1357 984 ‚
1433 891 1891 968 adfectantes
1922 915 2231 990 magnos
2267 891 2404 963 ho-

147 1023 153 1031 ’
234 1043 483 1108 nores,
536 1021 668 1094 sed
702 1019 951 1094 omnia
983 1022 1131 1120 jam
1152 1069 1176 1109 ‚
1218 1017 1299 1088 in
1334 1043 1654 1118 quorum
1681 1042 1884 1118 spem
1915 1016 2212 1091 dubiam
2239 1031 2408 1102 erat

239 1162 645 1236 certatum,
714 1163 963 1218 tamen
1019 1143 1333 1243 adeptos
1360 1195 1386 1232 ,
1455 1140 1902 1243 multiplices
1943 1140 2400 1232 consulatus,

238 1270 736 1371 censurasque
774 1287 849 1360 et
887 1268 1325 1369 triumphos.

306 1465 381 1524 Id
408 1487 472 1522 se
503 1487 537 1524 ο
583 1476 717 1524 tare
748 1472 1017 1533 tantum,
1056 1487 1130 1524 ne
1160 1487 1283 1524 cua

232 1537 305 1592 in
323 1553 537 1609 rempu
582 1535 771 1593 licam
801 1531 1011 1590 clades
1042 1527 1283 1596 veniat]

234 1607 403 1658 Duae
423 1604 652 1676 priores
672 1621 843 1656 voces
873 1620 905 1656 a
929 1621 1005 1655 m.
1035 1622 1081 1658 ι.
1123 1622 1283 1661 exsu-

233 1671 362 1726 lant
390 1690 422 1724 a
450 1673 719 1738 Lovel.4.
776 1674 922 1725 Tum
954 1680 1169 1743 optare
1200 1679 1284 1738 tri,

235 1739 365 1795 sive
390 1749 617 1808 tamen,
644 1740 903 1814 praefert
920 1739 1120 1797 Lovel.
1136 1763 1188 1798 2.
1206 1745 1283 1796 V.

236 1807 316 1862 ad
329 1828 383 1932 2,
408 1827 485 1875 ι2,
504 1812 559 1864 6.
598 1807 821 1862 Deinde
857 1827 931 1863 ne
958 1829 1078 1884 qua
1103 1811 1168 1866 in
1197 1829 1289 1866 re·

284 1897 321 1931 u
370 1875 497 1931 lica
534 1877 745 1934 clades
783 1878 990 1932 ueniat
1024 1881 1196 1932 Voss.
1232 1895 1283 1932 2.

286 1943 402 1997 eid.
447 1963 492 1997 ι.
548 1945 749 2000 Lovel.
782 1963 834 1998 2.
860 1946 914 2001 3.
965 1956 1023 2000 et
1050 1950 1283 2018 Fragm.

234 2015 387 2066 Hav.
422 2032 495 2068 ne
513 2033 635 2087 qua
652 2012 907 2086 publica
928 2013 1138 2072 clades
1158 2034 1287 2070 eve·

234 2083 377 2138 niat
393 2081 595 2135 Lovel.
609 2084 664 2150 4.

160 2195 181 2215 ο
271 2173 322 2243 ς.
355 2193 437 2228 ιι.
476 2176 703 2230 Minus
724 2181 934 2231 autem
953 2173 1290 2242 utenda-e,

236 2241 491 2299 adsueti
512 2241 653 2316 jam
690 2241 814 2297 tali
838 2261 1065 2314 genere
1092 2252 1291 2300 certa-

232 2314 477 2367 minum
496 2312 697 2371 vinei]
733 2313 955 2367 Minus
968 2319 1177 2366 autem
1203 2322 1289 2367 te-

234 2377 563 2436 tenderent
578 2379 819 2433 Gaertn.
838 2381 1060 2436 Ininus
1074 2398 1157 2434 au
1164 2388 1287 2436 tem

226 2445 491 2504 tendere
518 2446 719 2500 Lovel.
738 2467 789 2502 2.
812 2457 869 2502 et
888 2450 1115 2519 Fragm.
1133 2449 1281 2502 Hav.

238 2533 274 2570 a
305 2533 382 2567 m.
428 2535 474 2571 r.
506 2514 769 2586 neglecta
791 2515 1059 2588 priorum
1092 2515 1285 2570 litera-

234 2601 369 2638 rum
382 2581 791 2655 geminatione.
830 2587 907 2638 V.
929 2582 999 2636 ad
1018 2585 1107 2650 3⁴7,
1127 2587 1213 2650 53,
1228 2603 1283 2648 7.

236 2652 486 2723 Insuper
514 2653 737 2707 illinus
762 2659 875 2707 aut
897 2649 1147 2707 tendere
1178 2655 1285 2706 Lo-

235 2720 353 2774 vel.
374 2729 429 2786 4.
472 2719 561 2782 JV.
594 2715 669 2772 ad
691 2723 744 2784 4,
770 2724 861 2786 42,
884 2722 939 2774 6.
980 2717 1204 2774 Deinde
1224 2723 1289 2776 in

234 2787 361 2846 tali
402 2805 629 2862 genere
651 2789 1092 2867 ,certaminum
1130 2791 1290 2845 vinci

238 2857 485 2910 Gaertn.
534 2856 621 2909 Ita
652 2855 805 2910 infra
833 2857 919 2921 25,
942 2857 1060 2923 5‚4.
1100 2857 1289 2914 Senes

234 2923 693 2997 honoratosque
706 2920 955 2998 juvenis
982 2925 1049 2980 in
1072 2942 1143 2981 eo
1162 2944 1288 2981 cer-

234 2995 471 3050 tamine
492 2989 741 3048 devicit.
768 2994 857 3059 37,
872 2992 959 3056 53,
979 3011 1033 3057 7.
1069 2993 1143 3048 In
1162 3012 1287 3050 cer-

234 3063 471 3118 tamine
525 3063 740 3116 autem
805 3061 1129 3116 amicitiae
1192 3079 1287 3116 ve·

232 3138 404 3186 strae
420 3131 677 3184 minime
691 3147 889 3202 aequo
903 3129 1112 3184 animo
1126 3131 1289 3186 vinci

232 3216 503 3272 possum.
553 3193 629 3248 At
658 3197 870 3270 reliqui
936 3215 1037 3252 rae
1084 3198 1282 3254 ositio-

234 3283 371 3333 nem
390 3265 581 3318 illami
626 3275 857 3320 norant.
932 3276 993 3320 ta
1082 3273 1203 3336 ‚47‚
1224 3269 1281 3324 5.

236 3339 364 3390 Nec
399 3335 555 3387 satis
626 3334 833 3400 ahere,
871 3335 1039 3390 bello
1068 3338 1284 3391 vicisse

234 3400 677 3456 Hannibalem.
712 3403 816 3468 37,
864 3404 951 3469 54,
1002 3421 1091 3456 ao.
1146 3404 1287 3460 Nisi

235 3465 403 3541 quod
420 3467 673 3541 longius
703 3487 741 3524 a
772 3470 942 3526 vobis
966 3473 1285 3537 absumus,

232 3533 417 3593 nulla
450 3537 754 3592 vincimur
782 3537 915 3593 alia
942 3557 1029 3592 re.
1070 3539 1281 3593 Simili-

232 3613 330 3658 ter
340 3603 581 3676 proelio
600 3605 783 3668 uinci,
821 3603 893 3658 de
912 3623 1029 3677 quo
1048 3625 1106 3660 v.
1124 3606 1198 3661 ad
1210 3608 1280 3660 E-

228 3673 339 3747 pit.
352 3671 489 3725 sLiv.
510 3671 625 3727 128.

300 3781 703 3839 Adversarios
715 3801 835 3840 non
849 3781 939 3852 id,
992 3781 1115 3840 uod
1129 3781 1281 3840 olim
1302 3823 1311 3834 .

232 3853 339 3908 vix
388 3852 771 3920 speraverint
786 3857 809 3914 J
892 3873 929 3909 a
980 3853 1284 3908 versat-ios

230 3939 412 3984 nunc,
451 3917 615 3988 quod
634 3917 788 3975 olim
804 3921 1005 3977 Lovel.
1027 3924 1082 3988 4.
1134 3919 1283 3974 Tum

232 3985 395 4058 quand
420 3988 569 4043 olim
602 3989 708 4042 vix
732 3993 941 4048 omnia
961 4007 1283 4060 superave-

228 4059 357 4112 rint
378 4053 539 4110 Leid.
566 4075 615 4110 2.
652 4066 710 4109 et
732 4060 932 4114 Lovel.
957 4083 1004 4116 ι.
1030 4077 1283 4134 supera-

232 4125 431 4180 verint
459 4123 634 4176 etiam
661 4123 856 4183 fuerat
886 4129 947 4183 in
966 4132 1139 4183 Voss.
1167 4151 1215 4185 ι.
1250 4150 1283 4186 a

229 4211 307 4245 m.
334 4211 381 4247 ι.
422 4195 499 4250 V.
518 4189 673 4247 infra
693 4196 766 4268 ad
789 4215 874 4266 21,
898 4201 978 4267 13,
994 4195 1047 4257 3.
1083 4217 1287 4274 spera.

1355 1447 1573 1523 verant
1589 1467 1761 1518 Voss,
1780 1480 1831 1518 2.
1863 1463 2064 1518 Lovel.
2088 1482 2134 1516 ι.
2159 1463 2402 1517 Gaertn.

1352 1538 1596 1606 Portug.
1621 1533 1872 1587 llaverk.
1905 1542 1964 1584 et
1991 1537 2224 1606 Fragm.
2254 1532 2403 1588 Har.

1354 1623 1389 1658 a
1411 1622 1488 1656 m.
1514 1624 1568 1658 2.

1425 1717 1552 1778 Sed
1586 1719 1794 1776 omnia
1826 1717 1990 1791 jam,
2042 1719 2110 1775 in
2144 1737 2409 1794 quorum
2501 1777 2508 1783 ,
2582 1747 2590 1754 -

1354 1808 1523 1864 spem
1541 1786 1802 1843 dubiam
1823 1795 1960 1844 erat
1972 1796 2410 1862 certatum‚ta·7

1354 1875 1497 1913 men
1517 1855 1634 1911 ade
1682 1863 1808 1918 tos]
1847 1859 2072 1910 Vocem
2104 1857 2313 1912 omnia
2345 1873 2406 1907 o·
2482 1866 2495 1879 ¹

1354 1925 1590 1978 mittunt
1665 1924 1780 1980 eid.
1805 1945 1858 1981 2.
1894 1935 1952 1978 et
1985 1924 2188 1978 Lovel.
2211 1947 2259 1980 ι.
2306 1921 2406 2006 qni

1356 2011 1483 2048 eam
1501 1995 1698 2066 paullo
1731 2005 1862 2048 ante
1887 1993 2253 2048 inseruerant
2271 1995 2406 2046 ahe-

1353 2062 1606 2115 noloco.
1645 2063 1907 2131 Sequens
1925 2061 2069 2138 jam
2087 2080 2208 2116 non
2232 2060 2408 2136 adpa-

1358 2141 1454 2184 ret
1491 2130 1549 2183 in
1586 2131 1720 2185 edd.
1759 2133 1927 2184 Rom.
1965 2129 2102 2183 anni
2141 2135 2292 2199 ¹47²·
2351 2137 2412 2182 et

1356 2201 1551 2254 Par-m.
1590 2199 1818 2254 Deinde
1845 2199 2200 2272 iniquorum
2235 2215 2410 2272 spem

1358 2267 1649 2336 dubiam,
1745 2283 2016 2341 erperam
2063 2265 2410 2338 interposita
2494 2268 2503 2276 '

1356 2336 1555 2404 litera,
1587 2337 1688 2391 Lei
1739 2378 1752 2391 .
1774 2359 1820 2393 ι.
1875 2337 2021 2389 Tum
2051 2333 2166 2386 alio
2197 2331 2409 2388 ordine

1356 2414 1666 2463 cer-tatum
1691 2410 1830 2462 erat
1874 2407 2048 2460 Voss.
2079 2421 2126 2456 ι.
2165 2399 2328 2455 Leid.
2355 2419 2402 2455 2.

1354 2475 1557 2528 Lovcl.
1581 2494 1627 2528 ι.
1656 2477 1898 2546 Portug.
1937 2473 2182 2526 Gaertn.
2221 2479 2280 2524 et
2297 2471 2408 2522 Ha-

1352 2545 1521 2596 verk.
1573 2543 1720 2596 Hinc
1753 2537 1818 2598 ὶιί
1847 2540 2104 2614 adeptos
2126 2537 2330 2592 Loveh
2351 2553 2407 2591 2.

1358 2611 1478 2668 Sed
1513 2619 1723 2667 tamen
1759 2609 1954 2662 deficit
1989 2609 2050 2661 in
2089 2607 2307 2671 Harlei.
2347 2615 2410 2659 et

1358 2679 1702 2754 quibusdam
1726 2677 1858 2732 edd.
1889 2687 2028 2730 antt.
2061 2678 2410 2749 inquorum

1355 2784 1528 2835 spem
1563 2763 1858 2820 dubierat
1892 2767 2196 2818 certatum
2239 2752 2406 2815 tu'fn

1360 2832 1618 2907 adeptos
1643 2832 1847 2886 moen.

1415 2925 1827 2994 'Multiplices
1851 2921 2240 2990 consulatus,
2273 2941 2408 2978 cen-

1354 3013 1656 3070 surasque
1675 3003 1736 3049 et
1771 2991 2153 3064 tritunphos]
2193 3009 2409 3046 consu-

1354 3065 1528 3121 latus
1545 3061 1929 3134 multiplices
1947 3060 2111 3118 Leid.
2132 3079 2151 3111 ι
2164 3098 2179 3113 .
2195 3057 2412 3139 multi-

1353 3132 1552 3205 plices
1567 3130 1954 3198 consulatus,
1967 3145 2280 3189 censuras,
2299 3133 2407 3182 tru-

1356 3199 1614 3271 nmphos
1635 3199 1838 3252 Lovel.
1859 3205 1914 3266 4.
1953 3199 2210 3266 Utraque
2230 3191 2407 3246 lectio

1353 3267 1502 3322 ferri
1536 3267 1740 3340 potest.
1795 3267 1970 3321 Certe
2005 3251 2234 3334 ellipses
2271 3276 2407 3312 con-

1354 3335 1720 3406 junctionum
1768 3333 1826 3388 in
1863 3335 2030 3388 Livio
2069 3332 2408 3400 frequentes

1354 3416 1509 3460 aunt.
1548 3409 1625 3460 V.
1643 3403 1715 3458 ad
1731 3404 1786 3466 3,
1805 3401 1892 3467 68,
1912 3407 1966 3470 4.
2009 3397 2076 3454 Id
2099 3397 2270 3451 etiam
2293 3395 2407 3448 fre·-

1354 3471 1884 3596 333221'32‘3155
1903 3471 2080 3596 Ἕω
2098 3481 2414 3589 ἶὲἳῖἒῗὲῗὶ

1352 3609 1546 3665 addat.
1577 3611 1664 3662 ‘'V.
1685 3557 1771 3660 lzld
1789 3623 1840 3672 2,
1874 3559 1962 3673 δᾳ,
1997 3572 2062 3659 μ’
2092 3606 2281 3684 Quum
2305 3599 2408 3654 ita·

1350 3697 1464 3751 que
1491 3674 1704 3746 reliqui
1726 3689 1928 3728 omnes
1953 3671 2185 3728 codices
2210 3669 2405 3724 vulva-

1349 3757 1474 3800 tum
1491 3753 1786 3808 tueantur,
1828 3741 1965 3797 inde
1991 3737 2307 3796 recedendi
2351 3755 2405 3792 e-

1351 3813 1610 3887 gitirnam
1632 3811 1876 3864 caull'arn
1895 3829 2010 3865 non
2032 3807 2229 3866 video.

1422 3921 1470 3990 §.
1493 3941 1512 3974 ι
1525 3961 1540 3978 .
1584 3923 1905 3979 Certatum
1921 3927 2128 3977 tamen
2141 3917 2407 3975 suaden-

1354 3989 1437 4048 da
1477 3989 2024 4076 dissuadendaque
2071 3988 2246 4060 Iege]
2315 3994 2409 4040 ta-

1352 4077 1494 4115 men
1532 4057 1826 4116 audenda
1865 4053 2410 4126 d1ssuadendaque

1353 4129 1495 4204 lege
1529 4130 1728 4184 Lovel.
1763 4147 1814 4182 2.
1848 4149 1913 4184 ac
1944 4133 1996 4196 4.
2037 4123 2321 4180 Similiter
2353 4131 2414 4174 et

1360 4197 1522 4256 Leid.
1545 4221 1592 4258 ι.
1622 4197 1733 4256 nisi
1753 4197 1910 4276 quod
1942 4199 2183 4269 insuper
2203 4204 2412 4244 vocem
